@manual{anleitung,
  author = "Physikalisches Praktikum der TU Dortmund",
  title = "V61: Der HeNe-Laser",
  url = "http://129.217.224.2/HOMEPAGE/PHYSIKER/MASTER/SKRIPT/V61.pdf",
  note = "Abgerufen am 11. Dezember 2018",
}
@misc{Neon,
  author="Periodensystem online",
  title = "Neon",
  url = "http://www.periodensystem.info/elemente/neon/",
  note = "Abgerufen am 19. Dezember 2018"}
