@manual{anleitung,
  author = "TU Dortmund",
  title = "V704: Absorption von Gamma- und Betastrahlung",
  url = "http://129.217.224.2/HOMEPAGE/PHYSIKER/BACHELOR/AP/SKRIPT/V704.pdf",
  date = "2017-05-02",
}
