@manual{anleitung,
  author = "TU Dortmund",
  title = "V206: Die Wärmepumpe",
  url = "http://129.217.224.2/HOMEPAGE/PHYSIKER/BACHELOR/AP/SKRIPT/V206.pdf",
  date = "2016-11-21",
}
@online{Reynold,
  author = "Uni Karlsruhe",
  title = "Strömungen in Rohrleitungen",
  url = "http://hydro.ifh.uni-karlsruhe.de/download/Kap08ps.pdf",
  date = "2016-12-02",
}
