@manual{anleitung,
  author = "TU Dortmund",
  title = "V406: Beugung am Spalt",
  url = "http://129.217.224.2/HOMEPAGE/PHYSIKER/BACHELOR/AP/SKRIPT/V406.pdf",
  date = "2017-05-16",
}
