@manual{anleitung,
  author = "TU Dortmund",
  title = "V303: Der Lock-In-Verst√§rker",
  url = "http://129.217.224.2/HOMEPAGE/PHYSIKER/BACHELOR/AP/SKRIPT/LockIn.pdf",
  date = "2016-12-11",
}
