@article{hallo,
  title="Die Kunst des Bizeps",
  author="Tim Sedlaczek",
  publisher="Selfmade Records",
  year="2016",
  journal="Bizeps Magazin und anderes unn√∂tiges Zeug",
  pages="1-20",
  version="1.4"
}
@book{buch,
  title="Die Tribute von Panem",
  author="Suzanne Collins",
  year="2012",
  publisher="Toller Verlag",
  version={3},
  location="Pennsylvania"
}
@online{kent,
  author = {Senyuk, B.},
  title = {Liquid Crystals: a Simple View on a Complex Matter},
  date = {2013-12-17},
  url = {http://dept.kent.edu/spie/liquidcrystals/},
}
@manual{anleitung,
  author = "TU Dortmund",
  title = "V106: Gekoppelte Pendel",
  url = "http://129.217.224.2/HOMEPAGE/PHYSIKER/BACHELOR/AP/SKRIPT/GekoppeltePendel.pdf",
}
