@manual{anleitung,
  author = "TU Dortmund",
  title = "V702: Aktivierung von Neutronen",
  url = "http://129.217.224.2/HOMEPAGE/PHYSIKER/BACHELOR/AP/SKRIPT/V702.pdf",
  date = "2017-05-09",
}
