@manual{anleitung,
  author = "TU Dortmund",
  title = "V355: Gekoppelte Schwingkreise",
  url = "http://129.217.224.2/HOMEPAGE/PHYSIKER/BACHELOR/AP/SKRIPT/V355.pdf",
  date = "2017-01-17",
}
