@manual{anleitung,
  author = "TU Dortmund",
  title = "V602: Röntgenemission und -absorbtion",
  url = "http://129.217.224.2/HOMEPAGE/PHYSIKER/BACHELOR/AP/SKRIPT/V602.pdf",
  date = "2017-05-23",
}
@manual{prezi,
  author = "Jan Köppen",
  title = "Röntgenstrahlung",
  url = "https://prezi.com/beqlml_qdcga/rontgenstrahlung/",
  date = "2014-11-23",
}
