@manual{anleitung,
  author = "Physikalisches Praktikum der TU Dortmund",
  title = "V41: Debye-Scherrer-Aufnahmen",
  url = "http://129.217.224.2/HOMEPAGE/PHYSIKER/MASTER/SKRIPT/V41.pdf",
  note = "Abgerufen am 22. Oktober 2018",
}
@Article{Schneider2012,
author={Schneider, Caroline A.
and Rasband, Wayne S.
and Eliceiri, Kevin W.},
title={NIH Image to ImageJ: 25 years of image analysis},
journal={Nature Methods},
year={2012},
month={Jun},
day={28},
publisher={Nature Publishing Group, a division of Macmillan Publishers Limited. All Rights Reserved. SN  -},
volume={9},
pages={671 EP  -},
url={https://doi.org/10.1038/nmeth.2089}
}
@book{AM,
author={Ashcroft, Neil W. and Mermin, N. David},
title={Festk√∂rperphysik},
year={2005},
publisher={Oldenburg Wissenschaftsverlag GmbH},
pages={89 - 101},
}
