@manual{anleitung,
  author = "TU Dortmund",
  title = "V206: Die Wärmepumpe",
  url = "http://129.217.224.2/HOMEPAGE/PHYSIKER/BACHELOR/AP/SKRIPT/V206.pdf",
  date = "2016-11-21",
}
@online{Reynold,
  author = "Universität Karlsruhe",
  title = "Strömungen in Rohrleitungen",
  url = "http://hydro.ifh.uni-karlsruhe.de/download/Kap08ps.pdf",
  date = "2016-12-02",
}
@online{LitEta,
  author = "Universität Magdeburg",
  title = "Stoffwerte - Flüssigkeiten",
  url = "http://www.uni-magdeburg.de/isut/LSS/Lehre/Arbeitsheft/IV.pdf",
  date = "2016-12-02",
}
@book{geschke,
  author = "Waldemar Ilberg and Dieter Geschke",
  title = "Physikalisches Praktikum",
  year = "2001",
  publisher = "Dieter Geschke",
  edition = {12},
  location = "Stuttgart",
}
