@manual{anleitung,
  author = "TU Dortmund",
  title = "V01: Lebensdauer kosmischer Myonen",
  url = "http://129.217.224.2/HOMEPAGE/PHYSIKER/BACHELOR/FP/SKRIPT/V01.pdf",
  date = "2018-01-14",
}
