@manual{anleitung,
  author = "TU Dortmund",
  title = "V27: Der Zeeman-Effekt",
  url = "http://129.217.224.2/HOMEPAGE/PHYSIKER/BACHELOR/FP/SKRIPT/V27.pdf",
  date = "2017-12-01",
}
