@manual{anleitung,
  author = "TU Dortmund",
  title = "V47: Temperaturabhängigkeit der Molwärme in Festkörpern",
  url = "http://129.217.224.2/HOMEPAGE/PHYSIKER/BACHELOR/FP/SKRIPT/V47.pdf",
  date = "2017-12-20",
}
