@manual{anleitung,
  author = "TU Dortmund",
  title = "V606: Messung der Suszeptibilit√§t paramagnetischer Substanzen",
  url = "http://129.217.224.2/HOMEPAGE/PHYSIKER/BACHELOR/AP/SKRIPT/V606.pdf",
  date = "2017-06-08",
}
