@manual{anleitung,
  author = "TU Dortmund",
  title = "V354: Ged√§mpfte und erzwungene Schwingungen",
  url = "http://129.217.224.2/HOMEPAGE/PHYSIKER/BACHELOR/AP/SKRIPT/V354.pdf",
  date = "2017-01-10",
}
