@manual{anleitung,
  author = "Physikalisches Praktikum der Fakult√§t Physik, TU Dortmund",
  title = "V64: Interferometrie",
  url = "http://129.217.224.2/HOMEPAGE/PHYSIKER/BACHELOR/FP/SKRIPT/Interferometrie.pdf",
  date = "2018-01-14",
}
@manual{Luft,
  author = "Mikhail Polyanskiy",
  title = "Optical constants of Air",
  url = "https://refractiveindex.info/?shelf=other&book=air&page=Ciddor",
  year = "1996",
  }
@manual{KNG,
  author = "Mikhail Polyanskiy",
  title = "Optical constants of Soda lime glass",
  url = "https://refractiveindex.info/?shelf=glass&book=soda-lime&page=Rubin-clear",
  year = "1985",
  }
@manual{QG,
  author = "Mikhail Polyanskiy",
  title = "Optical constants of Fused silica (fused quartz)",
  url = "https://refractiveindex.info/?shelf=glass&book=fused_silicia&page=Malitson",
  year = "1965",
  }
