@manual{anleitung,
  author = "TU Dortmund",
  title = "V500: Der Photoeffekt",
  url = "http://129.217.224.2/HOMEPAGE/PHYSIKER/BACHELOR/AP/SKRIPT/V500.pdf",
  date = "2017-06-08",
}
