@manual{anleitung,
  author = "Physikalisches Praktikum der TU Dortmund",
  title = "V41: Debye-Scherrer-Aufnahmen",
  url = "http://129.217.224.2/HOMEPAGE/PHYSIKER/MASTER/SKRIPT/V41.pdf",
  note = "Abgerufen am 22. Oktober 2018",
}
