@manual{anleitung,
  author = "TU Dortmund",
  title = "US3: Doppler-Sonographie",
  url = "http://129.217.224.2/HOMEPAGE/PHYSIKER/BACHELOR/AP/SKRIPT/DopplerSonogr.pdf",
  date = "2017-04-19",
}
