@manual{anleitung,
  author = "TU Dortmund",
  title = "V702: Aktivierung von Neutronen",
  url = "http://129.217.224.2/HOMEPAGE/PHYSIKER/BACHELOR/AP/SKRIPT/V702.pdf",
  date = "2017-05-09",
}
@manual{Ag-108,
  author = "Periodensystem Online",
  title = "Ag-108",
  url = "http://www.periodensystem-online.de/index.php?id=isotope&el=47&mz=108&show=nuklid",
  date = "2017-05-12",
}
@manual{Ag-110,
  author = "Periodensystem Online",
  title = "Ag-110",
  url = "http://www.periodensystem-online.de/index.php?id=isotope&el=47&mz=110&show=nuklid",
  date = "2017-05-12",
}
@manual{In-116,
  author = "Periodensystem Online",
  title = "In-116",
  url = "http://www.periodensystem-online.de/index.php?id=isotope&el=49&mz=116&nrg=0.1273&show=nuklid",
  date = "2017-05-12",
}
