@manual{anleitung,
  author = "TU Dortmund",
  title = "V47: Temperaturabhängigkeit der Molwärme in Festkörpern",
  url = "http://129.217.224.2/HOMEPAGE/PHYSIKER/BACHELOR/FP/SKRIPT/V47.pdf",
  date = "2017-12-20",
}
@misc{MolKupfer,
  author = "Andy Hoppe",
  title = "Kupfer",
  url = "http://www.periodensystem.info/elemente/kupfer",
  date = "2017-12-28",
}
@misc{KupferKappa,
  author = "Goodfellow GmBH",
  title = "Kupfer - Materialinformationen",
  url = "http://www.goodfellow.com/G/Kupfer.html",
  date = "2017-12-28",
}
