@manual{anleitung,
  author = "TU Dortmund",
  title = "V353: Das Relaxationsverhalten eines RC-Kreises",
  url = "http://129.217.224.2/HOMEPAGE/PHYSIKER/BACHELOR/AP/SKRIPT/V353.pdf",
  date = "2017-01-31",
}
