@manual{anleitung,
  author = "Physikalisches Praktikum der TU Dortmund",
  title = "V21: Optisches Pumpen",
  url = "http://129.217.224.2/HOMEPAGE/PHYSIKER/MASTER/SKRIPT/V21n_TeachSpin_new.pdf",
  note = "Abgerufen am 25. November 2018",
}
