@manual{anleitung,
  author = "TU Dortmund",
  title = "V204: Wärmeleitung von Metallen",
  url = "http://129.217.224.2/HOMEPAGE/PHYSIKER/BACHELOR/AP/SKRIPT/Waermeleitf.pdf",
  date = "2016-11-21",
}
@online{datenlogger,
  author = "Pasco",
  title = "Quelle Abbildung 1",
  url = "https://www.pasco.com/GLX/",
  date = "2016-11-21",
}
@misc{literaturwerte,
  author = "Anton Schweizer",
  title = "Wärmeleitfähigkeit-Metalle",
  url = "http://www.schweizer-fn.de/stoff/wleit_metall/wleit_metall.php",
  date = "2016-11-21",
}
