@manual{anleitung,
  author = "TU Dortmund",
  title = "V301: Leerlaufspannung und Innenwiderstand von Spannungsquellen",
  url = "http://129.217.224.2/HOMEPAGE/PHYSIKER/BACHELOR/AP/SKRIPT/V301.pdf",
  date = "2016-12-12",
}
