@manual{anleitung,
  author = "Physikalisches Praktikum der TU Dortmund",
  title = "V49: Messung von Diffusionskonstanten mittels gepulster Kernspinresonanz",
  url = "http://129.217.224.2/HOMEPAGE/PHYSIKER/MASTER/SKRIPT/V49.pdf",
  note = "Abgerufen am 02. Januar 2019",
}
