@manual{anleitung,
  author = "TU Dortmund",
  title = "V351: Fourier-Analyse und Synthese",
  url = "http://129.217.224.2/HOMEPAGE/PHYSIKER/BACHELOR/AP/SKRIPT/V351.pdf",
  date = "2017-01-24",
}
@manual{synthese,
  author = "Valentin Mischke",
  title = "Mit freundlicher Genehmigung des Autors",
  date = "2017-01-27"
}
