@manual{anleitung,
  author = "TU Dortmund",
  title = "V504: Thermische Elektronenemission",
  url = "http://129.217.224.2/HOMEPAGE/PHYSIKER/BACHELOR/AP/SKRIPT/V504.pdf",
  date = "2017-05-30",
}
@article{wolfram,
  author = "Katja Bammel et al",
  title = "Austrittsarbeit verschiedener Materialien",
  publisher = "Spektrum Akademischer Verlag",
  year = "1998",
  journal = "Spektrum der Wissenschaft",
  url = "http://www.spektrum.de/lexikon/physik/austrittsarbeit/1067",
}
