@manual{anleitung,
  author = "TU Dortmund",
  title = "V204: WÃ¤rmeleitung von Metallen",
  url = "http://129.217.224.2/HOMEPAGE/PHYSIKER/BACHELOR/AP/SKRIPT/Waermeleitf.pdf",
}
