@manual{anleitung,
  author = "TU Dortmund",
  title = "V601: Der Franck-Hertz-Versuch",
  url = "http://129.217.224.2/HOMEPAGE/PHYSIKER/BACHELOR/AP/SKRIPT/V601.pdf",
  date = "2017-07-27",
}
