@manual{Anleitung,
  author = "TU Dortmund",
  title = "V27: Faraday-Effekt an Halbleitern",
  url = "http://129.217.224.2/HOMEPAGE/PHYSIKER/BACHELOR/FP/SKRIPT/V46.pdf",
  date = "2017-12-12",
}
@manual{n,
  author="Filmetrics",
  title = "Brechungsindex von Gallium Arsenide",
  url = "https://www.filmetrics.de/refractive-index-database/GaAs/Gallium-Arsenide",
  date = "2017-12-14"
}
@manual{lit,
  author="University of Colorado - Department of Electrical, Computer, and Energy Engineering",
  title = "Effective mass and energy band minima and maxima of Ge, Si and GaAs",
  url = "https://ecee.colorado.edu/~bart/book/effmass.htm",
  date = "2017-12-14"
}
